@inproceedings{imc14_phillipa,
 author = {Jones, Ben and Lee, Tzu-Wen and Feamster, Nick and Gill, Phillipa},
 title = {Automated Detection and Fingerprinting of Censorship Block Pages},
 booktitle = {Proceedings of the 2014 Conference on Internet Measurement Conference},
 series = {IMC '14},
 year = {2014},
 isbn = {978-1-4503-3213-2},
 location = {Vancouver, BC, Canada},
 pages = {299--304},
 numpages = {6},
 url = {http://doi.acm.org/10.1145/2663716.2663722},
 doi = {10.1145/2663716.2663722},
 acmid = {2663722},
 publisher = {ACM},
 address = {New York, NY, USA},
 keywords = {censorship, internet measurement},
} 
@inproceedings {meerkat,
author = {Kevin Borgolte and Christopher Kruegel and Giovanni Vigna},
title = {Meerkat: Detecting Website Defacements through Image-based Object Recognition},
booktitle = {24th {USENIX} Security Symposium ({USENIX} Security 15)},
year = {2015},
isbn = {978-1-931971-232},
address = {Washington, D.C.},
pages = {595--610},
url = {https://www.usenix.org/conference/usenixsecurity15/technical-sessions/presentation/borgolte},
publisher = {{USENIX} Association},
}
@inproceedings{imagehinton,
 author = {Krizhevsky, Alex and Sutskever, Ilya and Hinton, Geoffrey E.},
 title = {ImageNet Classification with Deep Convolutional Neural Networks},
 booktitle = {Proceedings of the 25th International Conference on Neural Information Processing Systems - Volume 1},
 series = {NIPS'12},
 year = {2012},
 location = {Lake Tahoe, Nevada},
 pages = {1097--1105},
 numpages = {9},
 url = {http://dl.acm.org/citation.cfm?id=2999134.2999257},
 acmid = {2999257},
 publisher = {Curran Associates Inc.},
 address = {USA},
} 
@inproceedings{nipsandrewng,
 author = {Le, Quoc V. and Ngiam, Jiquan and Chen, Zhenghao and Chia, Daniel and Koh, Pang Wei and Ng, Andrew Y.},
 title = {Tiled Convolutional Neural Networks},
 booktitle = {Proceedings of the 23rd International Conference on Neural Information Processing Systems - Volume 1},
 series = {NIPS'10},
 year = {2010},
 location = {Vancouver, British Columbia, Canada},
 pages = {1279--1287},
 numpages = {9},
 url = {http://dl.acm.org/citation.cfm?id=2997189.2997332},
 acmid = {2997332},
 publisher = {Curran Associates Inc.},
 address = {USA},
}

@inproceedings{icmlandrewng,
 author = {Le, Quoc V. and Ranzato, Marc'Aurelio and Monga, Rajat and Devin, Matthieu and Chen, Kai and Corrado, Greg S. and Dean, Jeff and Ng, Andrew Y.},
 title = {Building High-level Features Using Large Scale Unsupervised Learning},
 booktitle = {Proceedings of the 29th International Coference on International Conference on Machine Learning},
 series = {ICML'12},
 year = {2012},
 isbn = {978-1-4503-1285-1},
 location = {Edinburgh, Scotland},
 pages = {507--514},
 numpages = {8},
 url = {http://dl.acm.org/citation.cfm?id=3042573.3042641},
 acmid = {3042641},
 publisher = {Omnipress},
 address = {USA},
} 

@inproceedings {torabuse,
author = {Rachee Singh and Rishab Nithyanand and Sadia Afroz and Paul Pearce and Michael Carl Tschantz and Phillipa Gill and Vern Paxson},
title = {Characterizing the Nature and Dynamics of Tor Exit Blocking},
booktitle = {26th {USENIX} Security Symposium ({USENIX} Security 17)},
year = {2017},
isbn = {978-1-931971-40-9},
address = {Vancouver, BC},
pages = {325--341},
url = {https://www.usenix.org/conference/usenixsecurity17/technical-sessions/presentation/singh},
publisher = {{USENIX} Association},
}